@book{fortier,
  author    = {Jean-Martin Fortier}, 
  title     = {Le jardinier-maraîcher : manuel d'agriculture biologique sur petite surface},
  publisher = {Ecosociete Eds},
  year      = 2016,
}


@article{navarrete2007saladplan,
  title={SALADPLAN: a model of the decision-making process in lettuce and endive cropping},
  author={Navarrete, Mireille and Le Bail, Marianne},
  journal={Agronomy for sustainable development},
  volume={27},
  number={3},
  pages={209--221},
  year={2007},
  publisher={Springer}
}



@misc{agilemanifesto,
  title = {{Manifesto for Agile Software Development}},
  howpublished = "\url{http://agilemanifesto.org/}",
  year = {2001}, 
  note = "[Consulted 22-March-2018]"
}

@misc{continuousintegration,
  title = {{Continuous integration}},
  howpublished = "\url{https://www.thoughtworks.com/continuous-integration}",
  note = "[Consulted 26-March-2018]"
}

@misc{mespetitslegumes,
  title = {{Mes petits légumes}},
  howpublished = "\url{http://mespetitslegumes.com/}",
  note = "[Consulted 15-August-2017]"
}

@misc{lea-agri,
  title = {{LEA}},
  howpublished = "\url{https://www.lea-agri.com/}",
  note = "[Consulted 10-January-2018]"
}

@misc{tend,
  title = {{Tend}},
  howpublished = "\url{https://www.tend.ag/}",
    year = {2016-2018}, 
  note = "[Consulted 26-March-2018]"
}


@misc{planification-methodology,
  title = {{Planification des cultures : méthodologie}},
  howpublished = "\url{https://fermesdavenir.org/fermes-davenir/outils/planification-cultures-methodologie}",
  \author{Horizon permaculture},
  note = "[Consulted 15-November-2018]"
}

@PhdThesis{adumont,
author = {Dumont, Antoinette},
year = {2017},
school= {Université Catholique de Louvain},
title = {Analyse systémique des conditions de travail et d'emploi dans la production de légumes pour le marché du frais en Région wallonne (Belgique), dans une perspective de transition agroécologique}
}